@inproceedings{Konda-infocom09,
  author = {V. Konda and J. Kaur},
  title = {{RAPID: Shrinking the Congestion-control Timescale}},
  booktitle = {Proceedings of the IEEE INFOCOM},
  month={April},
  year = {2009}
}

@inproceedings{Padhye98,
  author = {J. Padhye and V. Firoiu and D. Towsley and J. Kurose},
  title = {{Modeling {TCP} Throughput: A Simple Model and its Empirical 
  Validation}},
  booktitle = {Proceedings of ACM SIGCOMM},
  month={September},
  year = {1998}
}

@inproceedings{Sikdar01,
  author = {B. Sikdar and S. Kalyanaraman and K.S. Vastola},
  title={{Analytic Models for the Latency and Steady-State Throughput of
  {TCP} Tahoe, Reno and SACK}},
  booktitle = {Proceedings of IEEE Globecom},
  month= {November},
  year = {2001}
}

@article{Weigle-comcom10,
  author = {M.C. Weigle and L. Chen and J. Kaur and V. Kulkarni},
  title = {{Generalized Stochastic Performance Models for Loss-based 
  Congestion Control}},
  journal = {Computer Communications Journal},
  month={March},
  volume={33},
  issue={4},
  pages={513-525},
  year={2010}
}

@inproceedings{Jain02,
  author = {M. Jain and C. Dovrolis},
  title = {End-to-end Available Bandwidth: Measurement Methodology, Dynamics, 
  and Relation with {TCP} Throughput},
  booktitle = {Proceedings of ACM SIGCOMM, Pittsburgh, PA},
  month={August},
  year = {2002}
}

@techreport{Lovewell2011-Noise-TR,
  title = {{Impact of Cross Traffic Burstiness on the Packet-scale Paradigm - 
  Extended Analysis}},
  author = {R. Lovewell and J. Kaur},
  number = {TR11-007},
  institution = {Department of Computer Science, University of North Carolina 
  at Chapel Hill},
  month = {September},
  year = {2011}
}
